<?xml version="1.0" encoding="UTF-8"?><collection xmlns="http://www.loc.gov/MARC21/slim"><record><leader>00484nam--2200181-i-4500</leader><controlfield tag="001">000023578</controlfield><controlfield tag="002">20161230</controlfield><controlfield tag="005">20161230201035</controlfield><controlfield tag="008">060222s1000------------r-----000-0-eng-d</controlfield><datafield ind1=" " ind2=" " tag="020"><subfield code="a">0716703513</subfield></datafield><datafield ind1=" " ind2=" " tag="040"><subfield code="a">IFIN-HH</subfield></datafield><datafield ind1=" " ind2=" " tag="080"><subfield code="a">52:523.17(07)</subfield></datafield><datafield ind1="1" ind2=" " tag="100"><subfield code="a">Hoyle, Fred</subfield></datafield><datafield ind1="1" ind2="0" tag="245"><subfield code="a">Astronomy and cosmology. a modern course</subfield><subfield code="c">Fred hoyle</subfield></datafield><datafield ind1=" " ind2=" " tag="260"><subfield code="a">San Francisco</subfield><subfield code="b">W.H.Freeman And Company</subfield><subfield code="c">1975</subfield></datafield><datafield ind1=" " ind2=" " tag="300"><subfield code="a">XIV + 711P</subfield></datafield><datafield ind1=" " ind2=" " tag="852"><subfield code="a">43222</subfield><subfield code="c">521/522</subfield></datafield><datafield ind1=" " ind2=" " tag="CAT"><subfield code="a">Sys</subfield><subfield code="c">20130826</subfield><subfield code="h">153806</subfield></datafield></record></collection>